@ONLINE{why-sparks-lazy-evaluation-is-useful,
  AUTHOR = {Dhia Hmila},
  TITLE = {Why Spark's Lazy Evaluation is Useful},
  URL = {https://towardsdatascience.com/3-reasons-why-sparks-lazy-evaluation-is-useful-ed06e27360c4},
  YEAR = {2022},
}
@ONLINE{just-in-time-compilation-to-make-python-faster,
  AUTHOR = {Dhia Hmila},
  TITLE = {Just in time compilation to make Python Faster},
  URL = {https://towardsdatascience.com/this-decorator-will-make-python-30-times-faster-715ca5a66d5f},
  YEAR = {2022},
}
